<record><leader>00000cas a22000007a 4500</leader><controlfield tag="001">16531787</controlfield><controlfield tag="008">870824d19701971msuwr ne      0   a0eng d</controlfield><datafield ind1=" " ind2=" " tag="010"><subfield code="a">sn 88067101 </subfield></datafield><datafield ind1=" " ind2=" " tag="040"><subfield code="a">MFM</subfield><subfield code="b">eng</subfield><subfield code="c">MFM</subfield><subfield code="d">MSJ</subfield><subfield code="d">OCLCQ</subfield></datafield><datafield ind1=" " ind2=" " tag="042"><subfield code="a">msc</subfield></datafield><datafield ind1="0" ind2="4" tag="245"><subfield code="a">The Southaven sentinel.</subfield></datafield><datafield ind1=" " ind2=" " tag="260"><subfield code="a">Southaven, Miss. :</subfield><subfield code="b">Bobby C. Miller,</subfield><subfield code="c">1970-1971.</subfield></datafield><datafield ind1=" " ind2=" " tag="310"><subfield code="a">Weekly</subfield></datafield><datafield ind1="0" ind2=" " tag="362"><subfield code="a">Vol. 1, no. 1 (Sept. 3, 1970)-v.2, no. 14 (Dec. 23, 1971).</subfield></datafield><datafield ind1=" " ind2=" " tag="752"><subfield code="a">United States</subfield><subfield code="b">Mississippi</subfield><subfield code="c">DeSoto</subfield><subfield code="d">Southaven.</subfield></datafield><datafield ind1="0" ind2="4" tag="785"><subfield code="t">DeSoto times (Hernando, Miss. : 1970)</subfield><subfield code="w">(OCoLC)15278393</subfield></datafield></record>